@ARTICLE{1,  author={Cong, Xuya and Fanti, Maria Pia and Mangini, Agostino Marcello and Li, Zhiwu},  journal={IEEE Transactions on Systems, Man, and Cybernetics: Systems},   title={Critical Observability of Discrete-Event Systems in a Petri Net Framework},   year={2022},  volume={52},  number={5},  pages={2789-2799},  doi={10.1109/TSMC.2021.3056693}}

@article{2,
title = {Multivariate selection-combination short-term wind speed forecasting system based on convolution-recurrent network and multi-objective chameleon swarm algorithm},
journal = {Expert Systems with Applications},
volume = {214},
pages = {119129},
year = {2023},
issn = {0957-4174},
doi = {https://doi.org/10.1016/j.eswa.2022.119129},
author = {Jianzhou Wang and Mengzheng Lv and Zhiwu Li and Bo Zeng}
}

@ARTICLE{3,  
author={Chen, YuFeng and Li, YuTing and Li, ZhiWu and Wu, NaiQi},  journal={IEEE Transactions on Systems, Man, and Cybernetics: Systems},   title={On Optimal Supervisor Design for Discrete-Event Systems Modeled With Petri Nets via Constraint Simplification},   
year={2022},  volume={52},  number={6},  pages={3404-3418},  doi={10.1109/TSMC.2021.3069201}
}

@ARTICLE{4,  author={Wu, NaiQi and Qiao, Yan and Li, ZhiWu and Al-Ahmari, Abdulrahman M. and El-Tamimi, Abdul-Aziz and Kaid, Husam},  journal={IEEE Transactions on Systems, Man, and Cybernetics: Systems},   title={A Novel Control-Theory-Based Approach to Scheduling of High-Throughput Screening System for Enzymatic Assay},   year={2022},  volume={52},  number={12},  pages={7667-7678},  doi={10.1109/TSMC.2022.3161643}}

